@ARTICLE{2009ApJ...703...52L,
   author = {{Lada}, C.~J. and {Lombardi}, M. and {Alves}, J.~F.},
    title = "{The California Molecular Cloud}",
  journal = {\apj},
archivePrefix = "arXiv",
   eprint = {0908.0646},
 primaryClass = "astro-ph.GA",
 keywords = {dust, extinction, ISM: clouds, stars: formation},
     year = 2009,
    month = sep,
   volume = 703,
    pages = {52-59},
      doi = {10.1088/0004-637X/703/1/52},
   adsurl = {http://adsabs.harvard.edu/abs/2009ApJ...703...52L},
  adsnote = {Provided by the SAO/NASA Astrophysics Data System}
}
@ARTICLE{2010A&A...512A..67L,
   author = {{Lombardi}, M. and {Lada}, C.~J. and {Alves}, J.},
    title = "{2MASS wide field extinction maps. III. The Taurus, Perseus, and California cloud complexes}",
  journal = {\aap},
 keywords = {ISM: clouds, dust, extinction, ISM: individual objects:, Taurus molecular complex, ISM: structure, methods: statistical},
     year = 2010,
    month = mar,
   volume = 512,
      eid = {A67},
    pages = {A67},
      doi = {10.1051/0004-6361/200912670},
   adsurl = {http://adsabs.harvard.edu/abs/2010A%26A...512A..67L},
  adsnote = {Provided by the SAO/NASA Astrophysics Data System}
}
@article{weaver1965,
  title={Observations of a strong unidentified microwave line and of emission from the OH molecule},
  author={Weaver, H. and Williams, D.R.W. and Dieter, NH and Lum, WT},
  journal={\nat},
  volume={208},
  pages={29--31},
  year={1965}
}

@ARTICLE{shu1987star,
   author = {{Shu}, F.~H. and {Adams}, F.~C. and {Lizano}, S.},
    title = "{Star formation in molecular clouds - Observation and theory}",
  journal = {\araa},
 keywords = {ASTROPHYSICS, MOLECULAR CLOUDS, STAR FORMATION, STELLAR MODELS, ASTRONOMICAL MAPS, BINARY STARS, GRAVITATIONAL COLLAPSE, PROTOSTARS, STAR CLUSTERS, STELLAR MASS},
     year = 1987,
   volume = 25,
    pages = {23-81},
      doi = {10.1146/annurev.aa.25.090187.000323},
   adsurl = {http://adsabs.harvard.edu/abs/1987ARA%26A..25...23S},
  adsnote = {Provided by the SAO/NASA Astrophysics Data System}
}

@ARTICLE{2003ApJ...586..286L,
   author = {{Lada}, C.~J. and {Bergin}, E.~A. and {Alves}, J.~F. and {Huard}, T.~L.
	},
    title = "{The Dynamical State of Barnard 68: A Thermally Supported, Pulsating Dark Cloud}",
  journal = {\apj},
   eprint = {arXiv:astro-ph/0211507},
 keywords = {ISM: Clouds, ISM: Globules, ISM: Molecules, Radio Lines: ISM},
     year = 2003,
    month = mar,
   volume = 586,
    pages = {286-295},
      doi = {10.1086/367610},
   adsurl = {http://adsabs.harvard.edu/abs/2003ApJ...586..286L},
  adsnote = {Provided by the SAO/NASA Astrophysics Data System}
}

@ARTICLE{2011A&A...536A..22P,
   author = {{Planck Collaboration}},
    title = "{Planck early results. XXII. The submillimetre properties of a sample of Galactic cold clumps}",
  journal = {\aap},
archivePrefix = "arXiv",
   eprint = {1101.2034},
 primaryClass = "astro-ph.GA",
 keywords = {ISM: clouds, dust, extinction, stars: formation, ISM: structure, submillimeter: ISM, stars: protostars},
     year = 2011,
    month = dec,
   volume = 536,
      eid = {A22},
    pages = {A22},
      doi = {10.1051/0004-6361/201116481},
   adsurl = {http://adsabs.harvard.edu/abs/2011A%26A...536A..22P},
  adsnote = {Provided by the SAO/NASA Astrophysics Data System}
}

@ARTICLE{2011A&A...536A..23P,
   author = {{Planck Collaboration}},
    title = "{Planck early results. XXIII. The first all-sky survey of Galactic cold clumps}",
  journal = {\aap},
 keywords = {ISM: clouds, stars: formation, dust, extinction, submillimetre: ISM, ISM: general, catalogs},
     year = 2011,
    month = dec,
   volume = 536,
      eid = {A23},
    pages = {A23},
      doi = {10.1051/0004-6361/201116472},
   adsurl = {http://adsabs.harvard.edu/abs/2011A%26A...536A..23P},
  adsnote = {Provided by the SAO/NASA Astrophysics Data System}
}

@ARTICLE{1978ApJ...224..857E,
   author = {{Elias}, J.~H.},
    title = "{A study of the Taurus dark cloud complex}",
  journal = {\apj},
 keywords = {EARLY STARS, INFRARED ASTRONOMY, STELLAR EVOLUTION, TAURUS CONSTELLATION, H ALPHA LINE, INTERSTELLAR EXTINCTION, NEBULAE, PHOTOMETRY, SPECTROPHOTOMETRY, T TAURI STARS},
     year = 1978,
    month = sep,
   volume = 224,
    pages = {857-872},
      doi = {10.1086/156436},
   adsurl = {http://adsabs.harvard.edu/abs/1978ApJ...224..857E},
  adsnote = {Provided by the SAO/NASA Astrophysics Data System}
}
@ARTICLE{1995ApJ...445L.161M,
   author = {{Mizuno}, A. and {Onishi}, T. and {Yonekura}, Y. and {Nagahama}, T. and
	{Ogawa}, H. and {Fukui}, Y.},
    title = "{Overall distribution of dense molecular gas and star formation in the the Taurus cloud complex}",
  journal = {\apjl},
 keywords = {CARBON MONOXIDE, EMISSION SPECTRA, INTERSTELLAR MATTER, MOLECULAR CLOUDS, MOLECULAR GASES, RADIO ASTRONOMY, STAR FORMATION, TAURUS CONSTELLATION, EXTREMELY HIGH FREQUENCIES, MILLIMETER WAVES, PROTOSTARS},
     year = 1995,
    month = jun,
   volume = 445,
    pages = {L161-L165},
      doi = {10.1086/187914},
   adsurl = {http://adsabs.harvard.edu/abs/1995ApJ...445L.161M},
  adsnote = {Provided by the SAO/NASA Astrophysics Data System}
}

@ARTICLE{1991ApJ...374..540G,
   author = {{Garden}, R.~P. and {Hayashi}, M. and {Hasegawa}, T. and {Gatley}, I. and
	{Kaifu}, N.},
    title = "{A spectroscopic study of the DR 21 outflow source. III - The CO line emission}",
  journal = {\apj},
 keywords = {ASTRONOMICAL SPECTROSCOPY, CARBON ISOTOPES, CARBON MONOXIDE, EMISSION SPECTRA, LINE SPECTRA, ANGULAR RESOLUTION, HIGH RESOLUTION, HYDROGEN RECOMBINATIONS},
     year = 1991,
    month = jun,
   volume = 374,
    pages = {540-554},
      doi = {10.1086/170143},
   adsurl = {http://adsabs.harvard.edu/abs/1991ApJ...374..540G},
  adsnote = {Provided by the SAO/NASA Astrophysics Data System}
}

@ARTICLE{2011MNRAS.416.1436B,
   author = {{Ballesteros-Paredes}, J. and {V{\'a}zquez-Semadeni}, E. and
	{Gazol}, A. and {Hartmann}, L.~W. and {Heitsch}, F. and {Col{\'{\i}}n}, P.
	},
    title = "{Gravity or turbulence? - II. Evolving column density probability distribution functions in molecular clouds}",
  journal = {\mnras},
archivePrefix = "arXiv",
   eprint = {1105.5411},
 primaryClass = "astro-ph.GA",
 keywords = {turbulence, stars: formation, ISM: clouds, ISM: general, ISM: kinematics and dynamics},
     year = 2011,
    month = sep,
   volume = 416,
    pages = {1436-1442},
      doi = {10.1111/j.1365-2966.2011.19141.x},
   adsurl = {http://adsabs.harvard.edu/abs/2011MNRAS.416.1436B},
  adsnote = {Provided by the SAO/NASA Astrophysics Data System}
}
@ARTICLE{1994ApJ...423..681V,
   author = {{Vazquez-Semadeni}, E.},
    title = "{Hierarchical Structure in Nearly Pressureless Flows as a Consequence of Self-similar Statistics}",
  journal = {\apj},
 keywords = {HYDRODYNAMICS, ISM: CLOUDS, ISM: STRUCTURE, TURBULENCE},
     year = 1994,
    month = mar,
   volume = 423,
    pages = {681},
      doi = {10.1086/173847},
   adsurl = {http://adsabs.harvard.edu/abs/1994ApJ...423..681V},
  adsnote = {Provided by the SAO/NASA Astrophysics Data System}
}
@ARTICLE{1994ApJ...429..672R,
   author = {{Reach}, W.~T. and {Koo}, B.-C. and {Heiles}, C.},
    title = "{Atomic and molecular gas in interstellar cirrus clouds}",
  journal = {\apj},
 keywords = {CARBON MONOXIDE, CIRRUS CLOUDS, HYDROGEN, INFRARED RADIATION, INTERSTELLAR GAS, MAPPING, MOLECULAR GASES, MONATOMIC GASES, RADIO SPECTRA, ANGULAR RESOLUTION, BRIGHTNESS, DATA INTEGRATION, HIGH RESOLUTION, RADIO TELESCOPES, ROOT-MEAN-SQUARE ERRORS, SIGNAL TO NOISE RATIOS, VARIATIONS},
     year = 1994,
    month = jul,
   volume = 429,
    pages = {672-693},
      doi = {10.1086/174353},
   adsurl = {http://adsabs.harvard.edu/abs/1994ApJ...429..672R},
  adsnote = {Provided by the SAO/NASA Astrophysics Data System}
}
@Manual{R_Pvalue,
    title = {R: A Language and Environment for Statistical Computing},
    author = {{R Development Core Team}},
    organization = {R Foundation for Statistical Computing},
    address = {Vienna, Austria},
    year = {2012},
    note = {{ISBN} 3-900051-07-0},
    url = {http://www.R-project.org/},
  }

  @ARTICLE{2001ApJ...557..736G,
   author = {{Goldsmith}, P.~F.},
    title = "{Molecular Depletion and Thermal Balance in Dark Cloud Cores}",
  journal = {\apj},
 keywords = {ISM: Clouds, ISM: Globules, ISM: Molecules, Molecular Processes},
     year = 2001,
    month = aug,
   volume = 557,
    pages = {736-746},
      doi = {10.1086/322255},
   adsurl = {http://adsabs.harvard.edu/abs/2001ApJ...557..736G},
  adsnote = {Provided by the SAO/NASA Astrophysics Data System}
}
@ARTICLE{2011yCat.8088....0P,
   author = {{Planck Collaboration} },
    title = "{Planck Early Release Compact Source Catalogue (Planck, 2011)}",
  journal = {VizieR Online Data Catalog},
 keywords = {Planck},
     year = 2011,
    month = jan,
   volume = 8088,
    pages = {0},
   adsurl = {http://adsabs.harvard.edu/abs/2011yCat.8088....0P},
  adsnote = {Provided by the SAO/NASA Astrophysics Data System}
}
@ARTICLE{1991ApJ...374..540G,
   author = {{Garden}, R.~P. and {Hayashi}, M. and {Hasegawa}, T. and {Gatley}, I. and
	{Kaifu}, N.},
    title = "{A spectroscopic study of the DR 21 outflow source. III - The CO line emission}",
  journal = {\apj},
 keywords = {ASTRONOMICAL SPECTROSCOPY, CARBON ISOTOPES, CARBON MONOXIDE, EMISSION SPECTRA, LINE SPECTRA, ANGULAR RESOLUTION, HIGH RESOLUTION, HYDROGEN RECOMBINATIONS},
     year = 1991,
    month = jun,
   volume = 374,
    pages = {540-554},
      doi = {10.1086/170143},
   adsurl = {http://adsabs.harvard.edu/abs/1991ApJ...374..540G},
  adsnote = {Provided by the SAO/NASA Astrophysics Data System}
}
@ARTICLE{LiuTie,
   author = {{Liu}, T. and {Wu}, Y. and {Zhang}, H.},
    title = "{Molecular Environments of 51 Planck Cold Clumps in the Orion Complex}",
  journal = {\apjs},
archivePrefix = "arXiv",
   eprint = {1207.0881},
 primaryClass = "astro-ph.SR",
 keywords = {ISM: clouds, ISM: molecules, ISM: structure, stars: formation},
     year = 2012,
    month = sep,
   volume = 202,
      eid = {4},
    pages = {4},
      doi = {10.1088/0067-0049/202/1/4},
   adsurl = {http://adsabs.harvard.edu/abs/2012ApJS..202....4L},
  adsnote = {Provided by the SAO/NASA Astrophysics Data System}
}

@ARTICLE{2007ARA&A..45..339B,
   author = {{Bergin}, E.~A. and {Tafalla}, M.},
    title = "{Cold Dark Clouds: The Initial Conditions for Star Formation}",
  journal = {\araa},
archivePrefix = "arXiv",
   eprint = {0705.3765},
     year = 2007,
    month = sep,
   volume = 45,
    pages = {339-396},
      doi = {10.1146/annurev.astro.45.071206.100404},
   adsurl = {http://adsabs.harvard.edu/abs/2007ARA%26A..45..339B},
  adsnote = {Provided by the SAO/NASA Astrophysics Data System}
}
@ARTICLE{2004A&A...416..191T,
   author = {{Tafalla}, M. and {Myers}, P.~C. and {Caselli}, P. and {Walmsley}, C.~M.
	},
    title = "{On the internal structure of starless cores. I. Physical conditions and the distribution of CO, CS, N$_{2}$H$^{+}$, and NH$_{3}$ in L1498 and L1517B}",
  journal = {\aap},
 keywords = {ISM: abundances, ISM: clouds -ISM: molecules, stars: formation, ISM: individual objects: L1498, L1517B},
     year = 2004,
    month = mar,
   volume = 416,
    pages = {191-212},
      doi = {10.1051/0004-6361:20031704},
   adsurl = {http://adsabs.harvard.edu/abs/2004A%26A...416..191T},
  adsnote = {Provided by the SAO/NASA Astrophysics Data System}
}
@ARTICLE{1995MNRAS.272..213L,
   author = {{Larson}, R.~B.},
    title = "{Star formation in groups}",
  journal = {\mnras},
 keywords = {BINARIES, GENERAL-STARS, FORMATION-ISM, CLOUDS-OPEN CLUSTERS AND ASSOCIATIONS, GENERAL.},
     year = 1995,
    month = jan,
   volume = 272,
    pages = {213-220},
   adsurl = {http://adsabs.harvard.edu/abs/1995MNRAS.272..213L},
  adsnote = {Provided by the SAO/NASA Astrophysics Data System}
}
@book{spitzer1978physical,
  title={Physical processes in the interstellar medium},
  author={Spitzer, L.},
  year={1978},
  pages={216-216},
  publisher={Wiley Online Library},
}

@ARTICLE{2011MNRAS.416.1436B,
   author = {{Ballesteros-Paredes}, J. and {V{\'a}zquez-Semadeni}, E. and
	{Gazol}, A. and {Hartmann}, L.~W. and {Heitsch}, F. and {Col{\'{\i}}n}, P.
	},
    title = "{Gravity or turbulence? - II. Evolving column density probability distribution functions in molecular clouds}",
  journal = {\mnras},
archivePrefix = "arXiv",
   eprint = {1105.5411},
 primaryClass = "astro-ph.GA",
 keywords = {turbulence, stars: formation, ISM: clouds, ISM: general, ISM: kinematics and dynamics},
     year = 2011,
    month = sep,
   volume = 416,
    pages = {1436-1442},
      doi = {10.1111/j.1365-2966.2011.19141.x},
   adsurl = {http://adsabs.harvard.edu/abs/2011MNRAS.416.1436B},
  adsnote = {Provided by the SAO/NASA Astrophysics Data System}
}
@ARTICLE{1999ApJ...526..279P,
   author = {{Padoan}, P. and {Nordlund}, {\AA}.},
    title = "{A Super-Alfv{\'e}nic Model of Dark Clouds}",
  journal = {\apj},
   eprint = {arXiv:astro-ph/9901288},
 keywords = {ISM: CLOUDS, ISM: KINEMATICS AND DYNAMICS, ISM: MAGNETIC FIELDS, MAGNETOHYDRODYNAMICS: MHD, SHOCK WAVES, TURBULENCE},
     year = 1999,
    month = nov,
   volume = 526,
    pages = {279-294},
      doi = {10.1086/307956},
   adsurl = {http://adsabs.harvard.edu/abs/1999ApJ...526..279P},
  adsnote = {Provided by the SAO/NASA Astrophysics Data System}
}
@ARTICLE{2010ApJ...715.1302V,
   author = {{V{\'a}zquez-Semadeni}, E. and {Col{\'{\i}}n}, P. and {G{\'o}mez}, G.~C. and
	{Ballesteros-Paredes}, J. and {Watson}, A.~W.},
    title = "{Molecular Cloud Evolution. III. Accretion Versus Stellar Feedback}",
  journal = {\apj},
archivePrefix = "arXiv",
   eprint = {1001.0802},
 primaryClass = "astro-ph.GA",
 keywords = {H II regions, ISM: clouds, stars: formation, turbulence},
     year = 2010,
    month = jun,
   volume = 715,
    pages = {1302-1317},
      doi = {10.1088/0004-637X/715/2/1302},
   adsurl = {http://adsabs.harvard.edu/abs/2010ApJ...715.1302V},
  adsnote = {Provided by the SAO/NASA Astrophysics Data System}
}

@ARTICLE{1985ApJ...295..466K,
   author = {{Kleiner}, S.~C. and {Dickman}, R.~L.},
    title = "{Large-scale structure of the Taurus molecular complex. II - Analysis of velocity fluctuations and turbulence. III - Methods for turbulence}",
  journal = {\apj},
 keywords = {FLOW VELOCITY, INTERSTELLAR GAS, MOLECULAR CLOUDS, TURBULENCE EFFECTS, ASTRONOMICAL MAPS, AUTOCORRELATION, CARBON MONOXIDE, STATISTICAL ANALYSIS},
     year = 1985,
    month = aug,
   volume = 295,
    pages = {466-484},
      doi = {10.1086/163390},
   adsurl = {http://adsabs.harvard.edu/abs/1985ApJ...295..466K},
  adsnote = {Provided by the SAO/NASA Astrophysics Data System}
}
@ARTICLE{1984ApJ...286..255K,
   author = {{Kleiner}, S.~C. and {Dickman}, R.~L.},
    title = "{Large-scale structure of the Taurus molecular complex. I - Density fluctuations - A fossil Jeans length?}",
  journal = {\apj},
 keywords = {DENSITY DISTRIBUTION, INTERSTELLAR MATTER, MOLECULAR CLOUDS, NEBULAE, ASTRONOMICAL MAPS, AUTOCORRELATION, CARBON MONOXIDE, JEANS THEORY, RANDOM PROCESSES},
     year = 1984,
    month = nov,
   volume = 286,
    pages = {255-262},
      doi = {10.1086/162593},
   adsurl = {http://adsabs.harvard.edu/abs/1984ApJ...286..255K},
  adsnote = {Provided by the SAO/NASA Astrophysics Data System}
}
@ARTICLE{1985ApJ...295..479D,
   author = {{Dickman}, R.~L. and {Kleiner}, S.~C.},
    title = "{Largescale Structure of the Taurus Molecular Complex - Part Three - Methods for Turbulence}",
  journal = {\apj},
     year = 1985,
    month = aug,
   volume = 295,
    pages = {479},
      doi = {10.1086/163391},
   adsurl = {http://adsabs.harvard.edu/abs/1985ApJ...295..479D},
  adsnote = {Provided by the SAO/NASA Astrophysics Data System}
}

@ARTICLE{2004ApJ...601..962S,
   author = {{Shinnaga}, H. and {Ohashi}, N. and {Lee}, S.-W. and {Moriarty-Schieven}, G.~H.
	},
    title = "{Physical Properties and Kinetic Structure of a Starless Core in Taurus Molecular Cloud}",
  journal = {\apj},
 keywords = {ISM: Clouds, ISM: Individual: Alphanumeric: L1521F, ISM: Molecules, Radio Lines: ISM, Stars: Formation},
     year = 2004,
    month = feb,
   volume = 601,
    pages = {962-978},
      doi = {10.1086/379760},
   adsurl = {http://adsabs.harvard.edu/abs/2004ApJ...601..962S},
  adsnote = {Provided by the SAO/NASA Astrophysics Data System}
}
@ARTICLE{2000ApJ...537..221U,
   author = {{Ungerechts}, H. and {Umbanhowar}, P. and {Thaddeus}, P.},
    title = "{A CO Survey of Giant Molecular Clouds near Cassiopeia A and NGC 7538}",
  journal = {\apj},
 keywords = {Galaxy: Structure, ISM: Clouds, ISM: individual (NGC 7538), ISM: Molecules},
     year = 2000,
    month = jul,
   volume = 537,
    pages = {221-235},
      doi = {10.1086/308992},
   adsurl = {http://adsabs.harvard.edu/abs/2000ApJ...537..221U},
  adsnote = {Provided by the SAO/NASA Astrophysics Data System}
}
@ARTICLE{1992ApJ...395..140B,
   author = {{Bertoldi}, F. and {McKee}, C.~F.},
    title = "{Pressure-confined clumps in magnetized molecular clouds}",
  journal = {\apj},
 keywords = {INTERSTELLAR MAGNETIC FIELDS, INTERSTELLAR MATTER, MOLECULAR CLOUDS, PRESSURE EFFECTS, VIRIAL THEOREM, INTERSTELLAR GAS, MACH NUMBER, MILKY WAY GALAXY},
     year = 1992,
    month = aug,
   volume = 395,
    pages = {140-157},
      doi = {10.1086/171638},
   adsurl = {http://adsabs.harvard.edu/abs/1992ApJ...395..140B},
  adsnote = {Provided by the SAO/NASA Astrophysics Data System}
}

@ARTICLE{1989ApJ...340..307W,
   author = {{Wu}, Y. and {Evans}, II, N.~J.},
    title = "{A reexamination of the energetics of molecular clouds}",
  journal = {\apj},
 keywords = {GAS DYNAMICS, INTERSTELLAR GAS, INTERSTELLAR MATTER, MOLECULAR CLOUDS, ASTRONOMICAL MODELS, GAS TEMPERATURE, HEAT TRANSFER, INTERSTELLAR CHEMISTRY, LINE SPECTRA},
     year = 1989,
    month = may,
   volume = 340,
    pages = {307-313},
      doi = {10.1086/167393},
   adsurl = {http://adsabs.harvard.edu/abs/1989ApJ...340..307W},
  adsnote = {Provided by the SAO/NASA Astrophysics Data System}
}
@ARTICLE{1974ApJ...189..441G,
   author = {{Goldreich}, P. and {Kwan}, J.},
    title = "{Molecular Clouds}",
  journal = {\apj},
     year = 1974,
    month = may,
   volume = 189,
    pages = {441-454},
      doi = {10.1086/152821},
   adsurl = {http://adsabs.harvard.edu/abs/1974ApJ...189..441G},
  adsnote = {Provided by the SAO/NASA Astrophysics Data System}
}
@ARTICLE{1955ApJ...121..161S,
   author = {{Salpeter}, E.~E.},
    title = "{The Luminosity Function and Stellar Evolution.}",
  journal = {\apj},
     year = 1955,
    month = jan,
   volume = 121,
    pages = {161},
      doi = {10.1086/145971},
   adsurl = {http://adsabs.harvard.edu/abs/1955ApJ...121..161S},
  adsnote = {Provided by the SAO/NASA Astrophysics Data System}
}
@ARTICLE{1977ApJ...214..488S,
   author = {{Shu}, F.~H.},
    title = "{Self-similar collapse of isothermal spheres and star formation}",
  journal = {\apj},
 keywords = {DENSITY DISTRIBUTION, GRAVITATIONAL COLLAPSE, ISOTHERMAL FLOW, PROTOSTARS, STAR FORMATION, STELLAR STRUCTURE, CRITICAL POINT, RUNGE-KUTTA METHOD, SIMILARITY THEOREM, STEADY STATE, STELLAR ENVELOPES},
     year = 1977,
    month = jun,
   volume = 214,
    pages = {488-497},
      doi = {10.1086/155274},
   adsurl = {http://adsabs.harvard.edu/abs/1977ApJ...214..488S},
  adsnote = {Provided by the SAO/NASA Astrophysics Data System}
}
@ARTICLE{1983ApJ...270..105M,
   author = {{Myers}, P.~C.},
    title = "{Dense cores in dark clouds. III - Subsonic turbulence}",
  journal = {\apj},
 keywords = {INTERSTELLAR MATTER, MOLECULAR CLOUDS, STELLAR EVOLUTION, TURBULENCE, AMMONIA, CARBON MONOXIDE, DATA CORRELATION, GAS DENSITY, SPECTRAL LINE WIDTH},
     year = 1983,
    month = jul,
   volume = 270,
    pages = {105-118},
      doi = {10.1086/161101},
   adsurl = {http://adsabs.harvard.edu/abs/1983ApJ...270..105M},
  adsnote = {Provided by the SAO/NASA Astrophysics Data System}
}

@ARTICLE{1983ApJ...264..517M,
   author = {{Myers}, P.~C. and {Linke}, R.~A. and {Benson}, P.~J.},
    title = "{Dense cores in dark clouds. I - CO observations and column densities of high-extinction regions}",
  journal = {\apj},
 keywords = {CARBON MONOXIDE, INTERSTELLAR EXTINCTION, INTERSTELLAR MATTER, MOLECULAR CLOUDS, NEBULAE, SPECTRAL LINE WIDTH, ASTRONOMICAL CATALOGS, ASTRONOMICAL SPECTROSCOPY, EMISSION SPECTRA, GAUSS EQUATION, HISTOGRAMS, LINE SPECTRA},
     year = 1983,
    month = jan,
   volume = 264,
    pages = {517-537},
      doi = {10.1086/160619},
   adsurl = {http://adsabs.harvard.edu/abs/1983ApJ...264..517M},
  adsnote = {Provided by the SAO/NASA Astrophysics Data System}
}
@ARTICLE{1983ApJ...266..309M,
   author = {{Myers}, P.~C. and {Benson}, P.~J.},
    title = "{Dense cores in dark clouds. II - NH3 observations and star formation}",
  journal = {\apj},
 keywords = {AMMONIA, INTERSTELLAR MATTER, MOLECULAR SPECTRA, NEBULAE, STAR FORMATION, AURIGA CONSTELLATION, EMISSION SPECTRA, LINE SPECTRA, STELLAR MASS, TAURUS CONSTELLATION},
     year = 1983,
    month = mar,
   volume = 266,
    pages = {309-320},
      doi = {10.1086/160780},
   adsurl = {http://adsabs.harvard.edu/abs/1983ApJ...266..309M},
  adsnote = {Provided by the SAO/NASA Astrophysics Data System}
}

@ARTICLE{1988ApJ...324..907M,
   author = {{Myers}, P.~C. and {Heyer}, M. and {Snell}, R.~L. and {Goldsmith}, P.~F.
	},
    title = "{Dense cores in dark clouds. V - CO outflow}",
  journal = {\apj},
 keywords = {CARBON MONOXIDE, MOLECULAR CLOUDS, STELLAR CORES, STELLAR WINDS, T TAURI STARS, DARK MATTER, INTERSTELLAR CHEMISTRY, STAR FORMATION, STELLAR LUMINOSITY, STELLAR MASS, STELLAR SPECTRA},
     year = 1988,
    month = jan,
   volume = 324,
    pages = {907-919},
      doi = {10.1086/165948},
   adsurl = {http://adsabs.harvard.edu/abs/1988ApJ...324..907M},
  adsnote = {Provided by the SAO/NASA Astrophysics Data System}
}
@ARTICLE{1991ApJ...376..561M,
   author = {{Myers}, P.~C. and {Fuller}, G.~A. and {Goodman}, A.~A. and
	{Benson}, P.~J.},
    title = "{Dense cores in dark clouds. VI - Shapes}",
  journal = {\apj},
 keywords = {DARK MATTER, MOLECULAR CLOUDS, STAR FORMATION, CARBON MONOXIDE, INTERSTELLAR MATTER, NEBULAE},
     year = 1991,
    month = aug,
   volume = 376,
    pages = {561-572},
      doi = {10.1086/170305},
   adsurl = {http://adsabs.harvard.edu/abs/1991ApJ...376..561M},
  adsnote = {Provided by the SAO/NASA Astrophysics Data System}
}
@ARTICLE{1992ApJ...384..523F,
   author = {{Fuller}, G.~A. and {Myers}, P.~C.},
    title = "{Dense cores in dark clouds. VII - Line width-size relations}",
  journal = {\apj},
 keywords = {INTERSTELLAR MATTER, LINE SPECTRA, MOLECULAR CLOUDS, RADIO SPECTRA, RADIO ASTRONOMY, SPECTRAL LINE WIDTH, STELLAR CORES},
     year = 1992,
    month = jan,
   volume = 384,
    pages = {523-527},
      doi = {10.1086/170894},
   adsurl = {http://adsabs.harvard.edu/abs/1992ApJ...384..523F},
  adsnote = {Provided by the SAO/NASA Astrophysics Data System}
}
@ARTICLE{2004RvMP...76..125M,
   author = {{Mac Low}, M.-M. and {Klessen}, R.~S.},
    title = "{Control of star formation by supersonic turbulence}",
  journal = {Reviews of Modern Physics},
   eprint = {arXiv:astro-ph/0301093},
     year = 2004,
    month = jan,
   volume = 76,
    pages = {125-194},
      doi = {10.1103/RevModPhys.76.125},
   adsurl = {http://adsabs.harvard.edu/abs/2004RvMP...76..125M},
  adsnote = {Provided by the SAO/NASA Astrophysics Data System}
}
@ARTICLE{1980ApJ...238..148B,
   author = {{Blitz}, L. and {Shu}, F.~H.},
    title = "{The origin and lifetime of giant molecular cloud complexes}",
  journal = {\apj},
 keywords = {GALACTIC EVOLUTION, INTERSTELLAR CHEMISTRY, INTERSTELLAR GAS, MILKY WAY GALAXY, MOLECULAR GASES, GALACTIC STRUCTURE, MOLECULAR COLLISIONS, MONATOMIC GASES, NEBULAE, PARTICLE MASS, RADIAL DISTRIBUTION},
     year = 1980,
    month = may,
   volume = 238,
    pages = {148-157},
      doi = {10.1086/157968},
   adsurl = {http://adsabs.harvard.edu/abs/1980ApJ...238..148B},
  adsnote = {Provided by the SAO/NASA Astrophysics Data System}
}

@ARTICLE{1987ApJS...63..645U,
   author = {{Ungerechts}, H. and {Thaddeus}, P.},
    title = "{A CO survey of the dark nebulae in Perseus, Taurus, and Auriga}",
  journal = {\apjs},
 keywords = {ASTRONOMICAL MAPS, CARBON MONOXIDE, HYDROGEN CLOUDS, MOLECULAR CLOUDS, NEBULAE, RADIO SOURCES (ASTRONOMY), AURIGA CONSTELLATION, MASS DISTRIBUTION, RADIO TELESCOPES, TAURUS CONSTELLATION},
     year = 1987,
    month = mar,
   volume = 63,
    pages = {645-660},
      doi = {10.1086/191176},
   adsurl = {http://adsabs.harvard.edu/abs/1987ApJS...63..645U},
  adsnote = {Provided by the SAO/NASA Astrophysics Data System}
}
@ARTICLE{2007ARA&A..45..565M,
   author = {{McKee}, C.~F. and {Ostriker}, E.~C.},
    title = "{Theory of Star Formation}",
  journal = {\araa},
archivePrefix = "arXiv",
   eprint = {0707.3514},
     year = 2007,
    month = sep,
   volume = 45,
    pages = {565-687},
      doi = {10.1146/annurev.astro.45.051806.110602},
   adsurl = {http://adsabs.harvard.edu/abs/2007ARA%26A..45..565M},
  adsnote = {Provided by the SAO/NASA Astrophysics Data System}
}
@ARTICLE{1999ApJ...515..286B,
   author = {{Ballesteros-Paredes}, J. and {V{\'a}zquez-Semadeni}, E. and
	{Scalo}, J.},
    title = "{Clouds as Turbulent Density Fluctuations: Implications for Pressure Confinement and Spectral Line Data Interpretation}",
  journal = {\apj},
   eprint = {arXiv:astro-ph/9806059},
 keywords = {ISM: CLOUDS, ISM: GENERAL, ISM: KINEMATICS AND DYNAMICS, TURBULENCE},
     year = 1999,
    month = apr,
   volume = 515,
    pages = {286-303},
      doi = {10.1086/307007},
   adsurl = {http://adsabs.harvard.edu/abs/1999ApJ...515..286B},
  adsnote = {Provided by the SAO/NASA Astrophysics Data System}
}
@ARTICLE{2008ApJS..174..202S,
   author = {{Swift}, J.~J. and {Welch}, W.~J.},
    title = "{A Case Study of Low-Mass Star Formation}",
  journal = {\apjs},
archivePrefix = "arXiv",
   eprint = {0706.2206},
 keywords = {ISM: Clouds, ISM: Individual: Alphanumeric: L1551, ISM: Structure, Radio Lines: ISM, Stars: Formation, Stars: Pre-Main-Sequence, Techniques: Interferometric},
     year = 2008,
    month = jan,
   volume = 174,
    pages = {202-222},
      doi = {10.1086/520846},
   adsurl = {http://adsabs.harvard.edu/abs/2008ApJS..174..202S},
  adsnote = {Provided by the SAO/NASA Astrophysics Data System}
}
@ARTICLE{2002ApJ...580..317B,
   author = {{Brice{\~n}o}, C. and {Luhman}, K.~L. and {Hartmann}, L. and
	{Stauffer}, J.~R. and {Kirkpatrick}, J.~D.},
    title = "{The Initial Mass Function in the Taurus Star-forming Region}",
  journal = {\apj},
 keywords = {Infrared: Stars, Stars: Evolution, Stars: Formation, Stars: Low-Mass, Brown Dwarfs, Stars: Luminosity Function, Mass Function, Stars: Pre-Main-Sequence},
     year = 2002,
    month = nov,
   volume = 580,
    pages = {317-335},
      doi = {10.1086/343127},
   adsurl = {http://adsabs.harvard.edu/abs/2002ApJ...580..317B},
  adsnote = {Provided by the SAO/NASA Astrophysics Data System}
}
@ARTICLE{2000ApJS..131..249S,
   author = {{Shirley}, Y.~L. and {Evans}, II, N.~J. and {Rawlings}, J.~M.~C. and
	{Gregersen}, E.~M.},
    title = "{Tracing the Mass during Low-Mass Star Formation. I. Submillimeter Continuum Observations}",
  journal = {\apjs},
   eprint = {arXiv:astro-ph/0006183},
 keywords = {Stars: Formation, Stars: Low-Mass, Brown Dwarfs, Submillimeter},
     year = 2000,
    month = nov,
   volume = 131,
    pages = {249-271},
      doi = {10.1086/317358},
   adsurl = {http://adsabs.harvard.edu/abs/2000ApJS..131..249S},
  adsnote = {Provided by the SAO/NASA Astrophysics Data System}
}
@ARTICLE{2001ApJ...557..193E,
   author = {{Evans}, II, N.~J. and {Rawlings}, J.~M.~C. and {Shirley}, Y.~L. and
	{Mundy}, L.~G.},
    title = "{Tracing the Mass during Low-Mass Star Formation. II. Modeling the Submillimeter Emission from Preprotostellar Cores}",
  journal = {\apj},
   eprint = {arXiv:astro-ph/0104238},
 keywords = {ISM: Dust, Extinction, ISM: Clouds, ISM: individual (L1512, L1544, L1689B), Stars: Formation},
     year = 2001,
    month = aug,
   volume = 557,
    pages = {193-208},
      doi = {10.1086/321639},
   adsurl = {http://adsabs.harvard.edu/abs/2001ApJ...557..193E},
  adsnote = {Provided by the SAO/NASA Astrophysics Data System}
}
@ARTICLE{1999ApJ...527..285B,
   author = {{Ballesteros-Paredes}, J. and {Hartmann}, L. and {V{\'a}zquez-Semadeni}, E.
	},
    title = "{Turbulent Flow-driven Molecular Cloud Formation: A Solution to the Post-T Tauri Problem?}",
  journal = {\apj},
   eprint = {arXiv:astro-ph/9907053},
 keywords = {ISM: CLOUDS, ISM: EVOLUTION, STARS: FORMATION, STARS: PRE-MAIN-SEQUENCE, TURBULENCE},
     year = 1999,
    month = dec,
   volume = 527,
    pages = {285-297},
      doi = {10.1086/308076},
   adsurl = {http://adsabs.harvard.edu/abs/1999ApJ...527..285B},
  adsnote = {Provided by the SAO/NASA Astrophysics Data System}
}
@ARTICLE{1996ApJ...465..815O,
   author = {{Onishi}, T. and {Mizuno}, A. and {Kawamura}, A. and {Ogawa}, H. and
	{Fukui}, Y.},
    title = "{A C 18O Survey of Dense Cloud Cores in Taurus: Core Properties}",
  journal = {\apj},
 keywords = {ISM: CLOUDS, ISM: INDIVIDUAL NAME: TAURUS CLOUD COMPLEX, ISM: MOLECULES, ISM: STRUCTURE, RADIO LINES: ISM},
     year = 1996,
    month = jul,
   volume = 465,
    pages = {815},
      doi = {10.1086/177465},
   adsurl = {http://adsabs.harvard.edu/abs/1996ApJ...465..815O},
  adsnote = {Provided by the SAO/NASA Astrophysics Data System}
}
@ARTICLE{1994Natur.368..719M,
   author = {{Mizuno}, A. and {Onishi}, T. and {Hayashi}, M. and {Ohashi}, N. and
	{Sunada}, K. and {Hasegawa}, T. and {Fukui}, Y.},
    title = "{Molecular cloud condensation as a tracer of low-mass star formation}",
  journal = {\nat},
     year = 1994,
    month = apr,
   volume = 368,
    pages = {719-721},
      doi = {10.1038/368719a0},
   adsurl = {http://adsabs.harvard.edu/abs/1994Natur.368..719M},
  adsnote = {Provided by the SAO/NASA Astrophysics Data System}
}
@ARTICLE{1995ApJ...445L.161M,
   author = {{Mizuno}, A. and {Onishi}, T. and {Yonekura}, Y. and {Nagahama}, T. and
	{Ogawa}, H. and {Fukui}, Y.},
    title = "{Overall distribution of dense molecular gas and star formation in the the Taurus cloud complex}",
  journal = {\apjl},
 keywords = {CARBON MONOXIDE, EMISSION SPECTRA, INTERSTELLAR MATTER, MOLECULAR CLOUDS, MOLECULAR GASES, RADIO ASTRONOMY, STAR FORMATION, TAURUS CONSTELLATION, EXTREMELY HIGH FREQUENCIES, MILLIMETER WAVES, PROTOSTARS},
     year = 1995,
    month = jun,
   volume = 445,
    pages = {L161-L165},
      doi = {10.1086/187914},
   adsurl = {http://adsabs.harvard.edu/abs/1995ApJ...445L.161M},
  adsnote = {Provided by the SAO/NASA Astrophysics Data System}
}
@ARTICLE{1980ApJ...241..637S,
   author = {{Stahler}, S.~W. and {Shu}, F.~H. and {Taam}, R.~E.},
    title = "{The evolution of protostars. I - Global formulation and results}",
  journal = {\apj},
 keywords = {PROTOSTARS, STELLAR EVOLUTION, ASTRONOMICAL MODELS, COSMIC DUST, GRAVITATIONAL COLLAPSE, OPTICAL THICKNESS},
     year = 1980,
    month = oct,
   volume = 241,
    pages = {637-654},
      doi = {10.1086/158377},
   adsurl = {http://adsabs.harvard.edu/abs/1980ApJ...241..637S},
  adsnote = {Provided by the SAO/NASA Astrophysics Data System}
}
@ARTICLE{1982ApJ...257..620M,
   author = {{Myers}, P.~C.},
    title = "{Low-mass star formation in the dense interior of Barnard 18}",
  journal = {\apj},
 keywords = {CARBON MONOXIDE, INTERSTELLAR MATTER, MOLECULAR CLOUDS, NEBULAE, STAR FORMATION, STELLAR INTERIORS, STELLAR STRUCTURE, GAS DENSITY, GRAVITATIONAL EFFECTS, NEAR INFRARED RADIATION, STAR DISTRIBUTION, STELLAR MASS EJECTION, STELLAR MODELS, STELLAR OCCULTATION},
     year = 1982,
    month = jun,
   volume = 257,
    pages = {620-632},
      doi = {10.1086/160018},
   adsurl = {http://adsabs.harvard.edu/abs/1982ApJ...257..620M},
  adsnote = {Provided by the SAO/NASA Astrophysics Data System}
}
@ARTICLE{1983ApJ...270..589B,
   author = {{Benson}, P.~J. and {Myers}, P.~C.},
    title = "{Dense cores in dark clouds. IV - HC5N observations}",
  journal = {\apj},
 keywords = {ASTRONOMICAL SPECTROSCOPY, CYANO COMPOUNDS, LINE SPECTRA, MOLECULAR CLOUDS, ABUNDANCE, ACETYLENE, CHEMICAL EVOLUTION, EMISSION SPECTRA, INTERSTELLAR MATTER, NEBULAE},
     year = 1983,
    month = jul,
   volume = 270,
    pages = {589-604},
      doi = {10.1086/161151},
   adsurl = {http://adsabs.harvard.edu/abs/1983ApJ...270..589B},
  adsnote = {Provided by the SAO/NASA Astrophysics Data System}
}
@ARTICLE{2000ApJ...544.1044L,
   author = {{Luhman}, K.~L.},
    title = "{The Initial Mass Function of Low-Mass Stars and Brown Dwarfs in Taurus}",
  journal = {\apj},
 keywords = {Infrared: Stars, Stars: Evolution, Stars: Formation, Stars: Low-Mass, Brown Dwarfs- Stars: Luminosity Function, Mass Function, Stars: Pre-Main-Sequence},
     year = 2000,
    month = dec,
   volume = 544,
    pages = {1044-1055},
      doi = {10.1086/317232},
   adsurl = {http://adsabs.harvard.edu/abs/2000ApJ...544.1044L},
  adsnote = {Provided by the SAO/NASA Astrophysics Data System}
}

@ARTICLE{2002ApJ...578..914H,
   author = {{Hartmann}, L.},
    title = "{Flows, Fragmentation, and Star Formation. I. Low-Mass Stars in Taurus}",
  journal = {\apj},
   eprint = {arXiv:astro-ph/0207216},
 keywords = {ISM: Clouds, ISM: Structure, Stars: Formation, Stars: Pre-Main-Sequence},
     year = 2002,
    month = oct,
   volume = 578,
    pages = {914-924},
      doi = {10.1086/342657},
   adsurl = {http://adsabs.harvard.edu/abs/2002ApJ...578..914H},
  adsnote = {Provided by the SAO/NASA Astrophysics Data System}
}
@ARTICLE{2001MNRAS.322..231K,
   author = {{Kroupa}, P.},
    title = "{On the variation of the initial mass function}",
  journal = {\mnras},
   eprint = {arXiv:astro-ph/0009005},
 keywords = {BINARIES: GENERAL, STARS: FORMATION, STARS: KINEMATICS, STARS: LUMINOSITY FUNCTION, MASS FUNCTION, GLOBULAR CLUSTERS: GENERAL, OPEN CLUSTERS AND ASSOCIATIONS: GENERAL},
     year = 2001,
    month = apr,
   volume = 322,
    pages = {231-246},
      doi = {10.1046/j.1365-8711.2001.04022.x},
   adsurl = {http://adsabs.harvard.edu/abs/2001MNRAS.322..231K},
  adsnote = {Provided by the SAO/NASA Astrophysics Data System}
}

@ARTICLE{2000ApJ...537..221U,
   author = {{Ungerechts}, H. and {Umbanhowar}, P. and {Thaddeus}, P.},
    title = "{A CO Survey of Giant Molecular Clouds near Cassiopeia A and NGC 7538}",
  journal = {\apj},
 keywords = {Galaxy: Structure, ISM: Clouds, ISM: individual (NGC 7538), ISM: Molecules},
     year = 2000,
    month = jul,
   volume = 537,
    pages = {221-235},
      doi = {10.1086/308992},
   adsurl = {http://adsabs.harvard.edu/abs/2000ApJ...537..221U},
  adsnote = {Provided by the SAO/NASA Astrophysics Data System}
}
@ARTICLE{2008ApJ...684..395H,
   author = {{Hennebelle}, P. and {Chabrier}, G.},
    title = "{Analytical Theory for the Initial Mass Function: CO Clumps and Prestellar Cores}",
  journal = {\apj},
archivePrefix = "arXiv",
   eprint = {0805.0691},
 keywords = {ISM: Clouds, Stars: Formation, Stars: Luminosity Function, Mass Function, Turbulence},
     year = 2008,
    month = sep,
   volume = 684,
    pages = {395-410},
      doi = {10.1086/589916},
   adsurl = {http://adsabs.harvard.edu/abs/2008ApJ...684..395H},
  adsnote = {Provided by the SAO/NASA Astrophysics Data System}
}
@ARTICLE{2004A&A...416..191T,
   author = {{Tafalla}, M. and {Myers}, P.~C. and {Caselli}, P. and {Walmsley}, C.~M.
	},
    title = "{On the internal structure of starless cores. I. Physical conditions and the distribution of CO, CS, N$_{2}$H$^{+}$, and NH$_{3}$ in L1498 and L1517B}",
  journal = {\aap},
 keywords = {ISM: abundances, ISM: clouds -ISM: molecules, stars: formation, ISM: individual objects: L1498, L1517B},
     year = 2004,
    month = mar,
   volume = 416,
    pages = {191-212},
      doi = {10.1051/0004-6361:20031704},
   adsurl = {http://adsabs.harvard.edu/abs/2004A%26A...416..191T},
  adsnote = {Provided by the SAO/NASA Astrophysics Data System}
}
@ARTICLE{2004A&A...414L..53T,
   author = {{Tafalla}, M. and {Santiago}, J.},
    title = "{L1521E: The first starless core with no molecular depletion}",
  journal = {\aap},
   eprint = {arXiv:astro-ph/0402039},
 keywords = {ISM: abundances, ISM: clouds, ISM: molecules, stars: formation, ISM: individual: L1521E},
     year = 2004,
    month = jan,
   volume = 414,
    pages = {L53-L56},
      doi = {10.1051/0004-6361:20031766},
   adsurl = {http://adsabs.harvard.edu/abs/2004A%26A...414L..53T},
  adsnote = {Provided by the SAO/NASA Astrophysics Data System}
}

@ARTICLE{2002ApJ...565..331C,
   author = {{Caselli}, P. and {Walmsley}, C.~M. and {Zucconi}, A. and {Tafalla}, M. and
	{Dore}, L. and {Myers}, P.~C.},
    title = "{Molecular Ions in L1544. I. Kinematics}",
  journal = {\apj},
   eprint = {arXiv:astro-ph/0109021},
 keywords = {ISM: Dust, Extinction, ISM: Clouds, ISM: Individual: Alphanumeric: L1544, ISM: Magnetic Fields, ISM: Molecules},
     year = 2002,
    month = jan,
   volume = 565,
    pages = {331-343},
      doi = {10.1086/324301},
   adsurl = {http://adsabs.harvard.edu/abs/2002ApJ...565..331C},
  adsnote = {Provided by the SAO/NASA Astrophysics Data System}
}
@article{evans1999physical,
  title={PHYSICAL CONDITIONS IN REGIONS OF STAR FORMATION},
  author={Evans II, N.J.},
  journal={Annu. Rev. Astron. Astrophys},
  volume={37},
  pages={311--62},
  year={1999}
}


@ARTICLE{1987ApJ...322..706D,
   author = {{Dame}, T.~M. and {Ungerechts}, H. and {Cohen}, R.~S. and {de Geus}, E.~J. and
	{Grenier}, I.~A. and {May}, J. and {Murphy}, D.~C. and {Nyman}, L.-A. and
	{Thaddeus}, P.},
    title = "{A composite CO survey of the entire Milky Way}",
  journal = {\apj},
 keywords = {ABUNDANCE, CARBON MONOXIDE, INFRARED ASTRONOMY SATELLITE, MILKY WAY GALAXY, MOLECULAR CLOUDS, INTERSTELLAR GAS, NEBULAE, NORMAL DENSITY FUNCTIONS},
     year = 1987,
    month = nov,
   volume = 322,
    pages = {706-720},
      doi = {10.1086/165766},
   adsurl = {http://adsabs.harvard.edu/abs/1987ApJ...322..706D},
  adsnote = {Provided by the SAO/NASA Astrophysics Data System}
}
@ARTICLE{1976ApJ...209L.137Z,
   author = {{Zuckerman}, B. and {Kuiper}, T.~B.~H. and {Rodriguez Kuiper}, E.~N.
	},
    title = "{High-velocity gas in the Orion infrared nebula}",
  journal = {\apjl},
 keywords = {INFRARED SPECTRA, INTERSTELLAR GAS, NEBULAE, STELLAR MASS EJECTION, GRAVITATIONAL COLLAPSE, MAIN SEQUENCE STARS, MOLECULAR SPECTRA, STELLAR EVOLUTION},
     year = 1976,
    month = nov,
   volume = 209,
    pages = {L137-L142},
      doi = {10.1086/182284},
   adsurl = {http://adsabs.harvard.edu/abs/1976ApJ...209L.137Z},
  adsnote = {Provided by the SAO/NASA Astrophysics Data System}
}

@ARTICLE{1980ApJ...239L..17S,
   author = {{Snell}, R.~L. and {Loren}, R.~B. and {Plambeck}, R.~L.},
    title = "{Observations of CO in L1551 - Evidence for stellar wind driven shocks}",
  journal = {\apjl},
 keywords = {CARBON MONOXIDE, INFRARED SPECTRA, INTERSTELLAR MATTER, STELLAR EVOLUTION, STELLAR STRUCTURE, STELLAR WINDS, EMISSION SPECTRA, HERBIG-HARO OBJECTS, KINETIC ENERGY, PLASMA CLOUDS, SHOCK WAVES, STELLAR MASS EJECTION},
     year = 1980,
    month = jul,
   volume = 239,
    pages = {L17-L22},
      doi = {10.1086/183283},
   adsurl = {http://adsabs.harvard.edu/abs/1980ApJ...239L..17S},
  adsnote = {Provided by the SAO/NASA Astrophysics Data System}
}
@ARTICLE{2004A&A...426..503W,
   author = {{Wu}, Y. and {Wei}, Y. and {Zhao}, M. and {Shi}, Y. and {Yu}, W. and
	{Qin}, S. and {Huang}, M.},
    title = "{A study of high velocity molecular outflows with an up-to-date sample}",
  journal = {\aap},
   eprint = {arXiv:astro-ph/0410727},
 keywords = {star: formation, stars: winds, outflows, ISM: jets and outflows, ISM: kinematics and dynamics},
     year = 2004,
    month = nov,
   volume = 426,
    pages = {503-515},
      doi = {10.1051/0004-6361:20035767},
   adsurl = {http://adsabs.harvard.edu/abs/2004A%26A...426..503W},
  adsnote = {Provided by the SAO/NASA Astrophysics Data System}
}

@ARTICLE{2001ApJ...562..770D,
   author = {{Di Francesco}, J. and {Myers}, P.~C. and {Wilner}, D.~J. and
	{Ohashi}, N. and {Mardones}, D.},
    title = "{Infall, Outflow, Rotation, and Turbulent Motions of Dense Gas within NGC 1333 IRAS 4}",
  journal = {\apj},
   eprint = {arXiv:astro-ph/0108022},
 keywords = {ISM: individual (NGC 1333 IRAS 4), ISM: Kinematics and Dynamics, ISM: Molecules, Stars: Formation, Stars: Pre-Main-Sequence},
     year = 2001,
    month = dec,
   volume = 562,
    pages = {770-789},
      doi = {10.1086/323854},
   adsurl = {http://adsabs.harvard.edu/abs/2001ApJ...562..770D},
  adsnote = {Provided by the SAO/NASA Astrophysics Data System}
}
@ARTICLE{1998ApJ...504..900T,
   author = {{Tafalla}, M. and {Mardones}, D. and {Myers}, P.~C. and {Caselli}, P. and
	{Bachiller}, R. and {Benson}, P.~J.},
    title = "{L1544: A Starless Dense Core with Extended Inward Motions}",
  journal = {\apj},
 keywords = {ISM: KINEMATICS AND DYNAMICS, ISM: INDIVIDUAL ALPHANUMERIC: L1544, STARS: FORMATION},
     year = 1998,
    month = sep,
   volume = 504,
    pages = {900},
      doi = {10.1086/306115},
   adsurl = {http://adsabs.harvard.edu/abs/1998ApJ...504..900T},
  adsnote = {Provided by the SAO/NASA Astrophysics Data System}
}

@ARTICLE{1991ApJ...382L..31S,
   author = {{Sargent}, A.~I. and {Beckwith}, S.~V.~W.},
    title = "{The molecular structure around HL Tauri}",
  journal = {\apjl},
 keywords = {MOLECULAR CLOUDS, SHELL STARS, STELLAR ENVELOPES, CARBON MONOXIDE, PRE-MAIN SEQUENCE STARS},
     year = 1991,
    month = nov,
   volume = 382,
    pages = {L31-L35},
      doi = {10.1086/186207},
   adsurl = {http://adsabs.harvard.edu/abs/1991ApJ...382L..31S},
  adsnote = {Provided by the SAO/NASA Astrophysics Data System}
}
@ARTICLE{1995ApJ...453..384S,
   author = {{Saito}, M. and {Kawabe}, R. and {Ishiguro}, M. and {Miyama}, S.~M. and
	{Hayashi}, M. and {Handa}, T. and {Kitamura}, Y. and {Omodaka}, T.
	},
    title = "{Aperture Synthesis 12CO and 13CO Observations of DM Tauri: 350 AU Radius Circumstellar Gas Disk}",
  journal = {\apj},
 keywords = {STARS: FORMATION, STARS: PRE-MAIN-SEQUENCE, STARS: CIRCUMSTELLAR MATTER},
     year = 1995,
    month = nov,
   volume = 453,
    pages = {384},
      doi = {10.1086/176398},
   adsurl = {http://adsabs.harvard.edu/abs/1995ApJ...453..384S},
  adsnote = {Provided by the SAO/NASA Astrophysics Data System}
}
@ARTICLE{2012A&A...538A...2P,
   author = {{Panoglou}, D. and {Cabrit}, S. and {Pineau Des For{\^e}ts}, G. and
	{Garcia}, P.~J.~V. and {Ferreira}, J. and {Casse}, F.},
    title = "{Molecule survival in magnetized protostellar disk winds. I. Chemical model and first results}",
  journal = {\aap},
archivePrefix = "arXiv",
   eprint = {1112.3248},
 primaryClass = "astro-ph.SR",
 keywords = {astrochemistry, ISM: molecules, accretion, accretion disks, stars: formation, ISM: jets and outflows, stars: mass-loss},
     year = 2012,
    month = feb,
   volume = 538,
      eid = {A2},
    pages = {A2},
      doi = {10.1051/0004-6361/200912861},
   adsurl = {http://adsabs.harvard.edu/abs/2012A%26A...538A...2P},
  adsnote = {Provided by the SAO/NASA Astrophysics Data System}
}
@ARTICLE{1994ApJ...425L..45V,
   author = {{van Langevelde}, H.~J. and {van Dishoeck}, E.~F. and {Blake}, G.~A.
	},
    title = "{Evidence for HCO(+) infall toward T Tauri?}",
  journal = {\apjl},
   eprint = {arXiv:astro-ph/9402054},
 keywords = {INTERSTELLAR MATTER, PRE-MAIN SEQUENCE STARS, RADIO ASTRONOMY, RADIO SPECTRA, STELLAR EVOLUTION, STELLAR MASS ACCRETION, T TAURI STARS, CARBON MONOXIDE, EXTREMELY HIGH FREQUENCIES, MILLIMETER WAVES},
     year = 1994,
    month = apr,
   volume = 425,
    pages = {L45-L48},
      doi = {10.1086/187307},
   adsurl = {http://adsabs.harvard.edu/abs/1994ApJ...425L..45V},
  adsnote = {Provided by the SAO/NASA Astrophysics Data System}
}

@ARTICLE{wu2012gas,
   author = {{Wu}, Y. and {Liu}, T. and {Meng}, F. and {Li}, D. and {Qin}, S.-L. and
	{Ju}, B.-G.},
    title = "{Gas Emissions in Planck Cold Dust Clumps: A Survey of the J = 1-0 Transitions of $^{12}$CO, $^{13}$CO, and C$^{18}$O}",
  journal = {\apj},
archivePrefix = "arXiv",
   eprint = {1206.7027},
 primaryClass = "astro-ph.SR",
 keywords = {dust, extinction, ISM: clouds, ISM: kinematics and dynamics, ISM: structure, stars: formation, stars: protostars},
     year = 2012,
    month = sep,
   volume = 756,
      eid = {76},
    pages = {76},
      doi = {10.1088/0004-637X/756/1/76},
   adsurl = {http://adsabs.harvard.edu/abs/2012ApJ...756...76W},
  adsnote = {Provided by the SAO/NASA Astrophysics Data System}
}

@ARTICLE{1986ApJ...303L..11G,
   author = {{Goldsmith}, P.~F. and {Langer}, W.~D. and {Wilson}, R.~W.},
    title = "{Molecular outflows, gas density distribution, and the effects of star formation in the dark cloud Barnard 5}",
  journal = {\apjl},
 keywords = {GAS DENSITY, INFRARED ASTRONOMY, INTERSTELLAR GAS, MOLECULAR CLOUDS, STAR FORMATION, STELLAR MASS EJECTION, ASTRONOMICAL MAPS, CARBON MONOXIDE, DENSITY DISTRIBUTION, INFRARED ASTRONOMY SATELLITE},
     year = 1986,
    month = apr,
   volume = 303,
    pages = {L11-L15},
      doi = {10.1086/184643},
   adsurl = {http://adsabs.harvard.edu/abs/1986ApJ...303L..11G},
  adsnote = {Provided by the SAO/NASA Astrophysics Data System}
}
@ARTICLE{2010ApJ...712..778H,
   author = {{Hiramatsu}, M. and {Hirano}, N. and {Takakuwa}, S.},
    title = "{Outflow-Core Interaction in Barnard 1}",
  journal = {\apj},
archivePrefix = "arXiv",
   eprint = {1001.5107},
 primaryClass = "astro-ph.GA",
 keywords = {ISM: clouds, ISM: individual objects: Barnard 1, ISM: jets and outflows, stars: formation, stars: low-mass, stars: pre-main sequence},
     year = 2010,
    month = apr,
   volume = 712,
    pages = {778-789},
      doi = {10.1088/0004-637X/712/2/778},
   adsurl = {http://adsabs.harvard.edu/abs/2010ApJ...712..778H},
  adsnote = {Provided by the SAO/NASA Astrophysics Data System}
}
@ARTICLE{2005AJ....129..330W,
   author = {{Wu}, Y. and {Zhang}, Q. and {Chen}, H. and {Yang}, C. and {Wei}, Y. and
	{Ho}, P.~T.~P.},
    title = "{CO J = 2-1 Maps of Bipolar Outflows in Massive Star-forming Regions}",
  journal = {\aj},
 keywords = {ISM: Jets and Outflows, ISM: Kinematics and Dynamics, ISM: Molecules, ISM: Masers, Stars: Formation},
     year = 2005,
    month = jan,
   volume = 129,
    pages = {330-347},
      doi = {10.1086/426361},
   adsurl = {http://adsabs.harvard.edu/abs/2005AJ....129..330W},
  adsnote = {Provided by the SAO/NASA Astrophysics Data System}
}
@ARTICLE{2010A&A...512A..67L,
   author = {{Lombardi}, M. and {Lada}, C.~J. and {Alves}, J.},
    title = "{2MASS wide field extinction maps. III. The Taurus, Perseus, and California cloud complexes}",
  journal = {\aap},
 keywords = {ISM: clouds, dust, extinction, ISM: individual objects:, Taurus molecular complex, ISM: structure, methods: statistical},
     year = 2010,
    month = mar,
   volume = 512,
      eid = {A67},
    pages = {A67},
      doi = {10.1051/0004-6361/200912670},
   adsurl = {http://adsabs.harvard.edu/abs/2010A%26A...512A..67L},
  adsnote = {Provided by the SAO/NASA Astrophysics Data System}
}
@ARTICLE{2001ApJ...547..792D,
   author = {{Dame}, T.~M. and {Hartmann}, D. and {Thaddeus}, P.},
    title = "{The Milky Way in Molecular Clouds: A New Complete CO Survey}",
  journal = {\apj},
   eprint = {arXiv:astro-ph/0009217},
 keywords = {Galaxy: Structure, ISM: Clouds, ISM: Molecules, Radio Lines: ISM, Galaxy: Solar Neighborhood, Stars: Formation},
     year = 2001,
    month = feb,
   volume = 547,
    pages = {792-813},
      doi = {10.1086/318388},
   adsurl = {http://adsabs.harvard.edu/abs/2001ApJ...547..792D},
  adsnote = {Provided by the SAO/NASA Astrophysics Data System}
}
@ARTICLE{2010ApJ...715.1170A,
   author = {{Arce}, H.~G. and {Borkin}, M.~A. and {Goodman}, A.~A. and {Pineda}, J.~E. and
	{Halle}, M.~W.},
    title = "{The COMPLETE Survey of Outflows in Perseus}",
  journal = {\apj},
archivePrefix = "arXiv",
   eprint = {1005.1714},
 primaryClass = "astro-ph.SR",
 keywords = {ISM: clouds, ISM: individual objects: Perseus, ISM: jets and outflows, ISM: kinematics and dynamics, stars: formation, turbulence},
     year = 2010,
    month = jun,
   volume = 715,
    pages = {1170-1190},
      doi = {10.1088/0004-637X/715/2/1170},
   adsurl = {http://adsabs.harvard.edu/abs/2010ApJ...715.1170A},
  adsnote = {Provided by the SAO/NASA Astrophysics Data System}
}
@ARTICLE{2010ApJ...711..655J,
   author = {{Johnstone}, D. and {Rosolowsky}, E. and {Tafalla}, M. and {Kirk}, H.
	},
    title = "{Dense Gas Tracers in Perseus: Relating the N$_{2}$H$^{+}$, NH$_{3}$, and Dust Continuum Properties of Pre- and Protostellar Cores}",
  journal = {\apj},
archivePrefix = "arXiv",
   eprint = {1001.3680},
 primaryClass = "astro-ph.SR",
 keywords = {ISM: individual: Perseus, ISM: molecules, radio lines: ISM, stars: formation},
     year = 2010,
    month = mar,
   volume = 711,
    pages = {655-670},
      doi = {10.1088/0004-637X/711/2/655},
   adsurl = {http://adsabs.harvard.edu/abs/2010ApJ...711..655J},
  adsnote = {Provided by the SAO/NASA Astrophysics Data System}
}
@ARTICLE{2007ApJ...656..293J,
   author = {{J{\o}rgensen}, J.~K. and {Johnstone}, D. and {Kirk}, H. and
	{Myers}, P.~C.},
    title = "{Current Star Formation in the Perseus Molecular Cloud: Constraints from Unbiased Submillimeter and Mid-Infrared Surveys}",
  journal = {\apj},
   eprint = {arXiv:astro-ph/0610381},
 keywords = {ISM: Clouds, ISM: Evolution, Stars: Formation, Stars: Pre-Main-Sequence},
     year = 2007,
    month = feb,
   volume = 656,
    pages = {293-305},
      doi = {10.1086/510150},
   adsurl = {http://adsabs.harvard.edu/abs/2007ApJ...656..293J},
  adsnote = {Provided by the SAO/NASA Astrophysics Data System}
}
@ARTICLE{2008ApJ...683..822J,
   author = {{J{\o}rgensen}, J.~K. and {Johnstone}, D. and {Kirk}, H. and
	{Myers}, P.~C. and {Allen}, L.~E. and {Shirley}, Y.~L.},
    title = "{Current Star Formation in the Ophiuchus and Perseus Molecular Clouds: Constraints and Comparisons from Unbiased Submillimeter and Mid-Infrared Surveys. II.}",
  journal = {\apj},
archivePrefix = "arXiv",
   eprint = {0805.0599},
 keywords = {ISM: Clouds, ISM: Evolution, ISM: individual (Ophiuchus), ISM: Individual: Name: Perseus, Stars: Formation, Stars: Pre-Main-Sequence},
     year = 2008,
    month = aug,
   volume = 683,
    pages = {822-843},
      doi = {10.1086/589956},
   adsurl = {http://adsabs.harvard.edu/abs/2008ApJ...683..822J},
  adsnote = {Provided by the SAO/NASA Astrophysics Data System}
}
@ARTICLE{1979ApJ...233..163S,
   author = {{Sargent}, A.~I.},
    title = "{Molecular clouds and star formation. II - Star formation in the Cepheus OB3 and Perseus OB2 molecular clouds}",
  journal = {\apj},
 keywords = {INTERSTELLAR GAS, MOLECULAR GASES, NEBULAE, PROTOSTARS, STAR FORMATION, ASTRONOMICAL MAPS, CARBON MONOXIDE, CLOUDS, EARLY STARS, FORMALDEHYDE},
     year = 1979,
    month = oct,
   volume = 233,
    pages = {163-181},
      doi = {10.1086/157378},
   adsurl = {http://adsabs.harvard.edu/abs/1979ApJ...233..163S},
  adsnote = {Provided by the SAO/NASA Astrophysics Data System}
}
@ARTICLE{1999ApJ...525..318P,
   author = {{Padoan}, P. and {Bally}, J. and {Billawala}, Y. and {Juvela}, M. and
	{Nordlund}, {\AA}.},
    title = "{Supersonic Turbulence in the Perseus Molecular Cloud}",
  journal = {\apj},
   eprint = {arXiv:astro-ph/9905383},
 keywords = {ISM: INDIVIDUAL (PERSEUS), ISM: KINEMATICS AND DYNAMICS, ISM: MAGNETIC FIELDS, MAGNETOHYDRODYNAMICS: MHD, TURBULENCE},
     year = 1999,
    month = nov,
   volume = 525,
    pages = {318-329},
      doi = {10.1086/307864},
   adsurl = {http://adsabs.harvard.edu/abs/1999ApJ...525..318P},
  adsnote = {Provided by the SAO/NASA Astrophysics Data System}
}
@ARTICLE{2005A&A...440..151H,
   author = {{Hatchell}, J. and {Richer}, J.~S. and {Fuller}, G.~A. and {Qualtrough}, C.~J. and
	{Ladd}, E.~F. and {Chandler}, C.~J.},
    title = "{Star formation in Perseus. Clusters, filaments and the conditions for star formation}",
  journal = {\aap},
 keywords = {stars: formation, submillimeter, dust, extinction, ISM: molecules, ISM: clouds, ISM: structure},
     year = 2005,
    month = sep,
   volume = 440,
    pages = {151-161},
      doi = {10.1051/0004-6361:20041836},
   adsurl = {http://adsabs.harvard.edu/abs/2005A%26A...440..151H},
  adsnote = {Provided by the SAO/NASA Astrophysics Data System}
}
@ARTICLE{2005A&A...440..151H,
   author = {{Hatchell}, J. and {Richer}, J.~S. and {Fuller}, G.~A. and {Qualtrough}, C.~J. and
	{Ladd}, E.~F. and {Chandler}, C.~J.},
    title = "{Star formation in Perseus. Clusters, filaments and the conditions for star formation}",
  journal = {\aap},
 keywords = {stars: formation, submillimeter, dust, extinction, ISM: molecules, ISM: clouds, ISM: structure},
     year = 2005,
    month = sep,
   volume = 440,
    pages = {151-161},
      doi = {10.1051/0004-6361:20041836},
   adsurl = {http://adsabs.harvard.edu/abs/2005A%26A...440..151H},
  adsnote = {Provided by the SAO/NASA Astrophysics Data System}
}
@ARTICLE{1999A&A...345..965C,
   author = {{Cambr{\'e}sy}, L.},
    title = "{Mapping of the extinction in giant molecular clouds using optical star counts}",
  journal = {\aap},
   eprint = {arXiv:astro-ph/9903149},
 keywords = {METHODS: DATA ANALYSIS, ISM: CLOUDS, ISM: DUST, EXTINCTION, ISM: STRUCTURE},
     year = 1999,
    month = may,
   volume = 345,
    pages = {965-976},
   adsurl = {http://adsabs.harvard.edu/abs/1999A%26A...345..965C},
  adsnote = {Provided by the SAO/NASA Astrophysics Data System}
}
@ARTICLE{1999ApJS..125..161J,
   author = {{Jijina}, J. and {Myers}, P.~C. and {Adams}, F.~C.},
    title = "{Dense Cores Mapped in Ammonia: A Database}",
  journal = {\apjs},
 keywords = {ISM: CLOUDS, ISM: MOLECULES, RADIO LINES: ISM, STARS: PRE-MAIN-SEQUENCE},
     year = 1999,
    month = nov,
   volume = 125,
    pages = {161-236},
      doi = {10.1086/313268},
   adsurl = {http://adsabs.harvard.edu/abs/1999ApJS..125..161J},
  adsnote = {Provided by the SAO/NASA Astrophysics Data System}
}
@ARTICLE{1987ApJ...317..926H,
   author = {{Hawkins}, I. and {Jura}, M.},
    title = "{The C-12/C-13 isotope ratio of the interstellar medium in the neighborhood of the sun}",
  journal = {\apj},
 keywords = {ABUNDANCE, CARBON 12, CARBON 13, INTERSTELLAR MATTER, SOLAR NEIGHBORHOOD, CHEMICAL EVOLUTION, RATIOS, STAR FORMATION},
     year = 1987,
    month = jun,
   volume = 317,
    pages = {926-950},
      doi = {10.1086/165342},
   adsurl = {http://adsabs.harvard.edu/abs/1987ApJ...317..926H},
  adsnote = {Provided by the SAO/NASA Astrophysics Data System}
}
@ARTICLE{1980Sci...208..663P,
   author = {{Penzias}, A.~A.},
    title = "{Nuclear Processing and Isotopes in the Galaxy}",
  journal = {Science},
     year = 1980,
    month = may,
   volume = 208,
    pages = {663-669},
      doi = {10.1126/science.208.4445.663},
   adsurl = {http://adsabs.harvard.edu/abs/1980Sci...208..663P},
  adsnote = {Provided by the SAO/NASA Astrophysics Data System}
}

@ARTICLE{2010ApJS..186..259R,
   author = {{Rebull}, L.~M. and {Padgett}, D.~L. and {McCabe}, C.-E. and
	{Hillenbrand}, L.~A. and {Stapelfeldt}, K.~R. and {Noriega-Crespo}, A. and
	{Carey}, S.~J. and {Brooke}, T. and {Huard}, T. and {Terebey}, S. and
	{Audard}, M. and {Monin}, J.-L. and {Fukagawa}, M. and {G{\"u}del}, M. and
	{Knapp}, G.~R. and {Menard}, F. and {Allen}, L.~E. and {Angione}, J.~R. and
	{Baldovin-Saavedra}, C. and {Bouvier}, J. and {Briggs}, K. and
	{Dougados}, C. and {Evans}, N.~J. and {Flagey}, N. and {Guieu}, S. and
	{Grosso}, N. and {Glauser}, A.~M. and {Harvey}, P. and {Hines}, D. and
	{Latter}, W.~B. and {Skinner}, S.~L. and {Strom}, S. and {Tromp}, J. and
	{Wolf}, S.},
    title = "{The Taurus Spitzer Survey: New Candidate Taurus Members Selected Using Sensitive Mid-Infrared Photometry}",
  journal = {\apjs},
archivePrefix = "arXiv",
   eprint = {0911.3176},
 primaryClass = "astro-ph.SR",
 keywords = {circumstellar matter, infrared: stars, stars: formation, stars: pre-main sequence},
     year = 2010,
    month = feb,
   volume = 186,
    pages = {259-307},
      doi = {10.1088/0067-0049/186/2/259},
   adsurl = {http://adsabs.harvard.edu/abs/2010ApJS..186..259R},
  adsnote = {Provided by the SAO/NASA Astrophysics Data System}
}

@ARTICLE{1988ApJ...334..771V,
   author = {{van Dishoeck}, E.~F. and {Black}, J.~H.},
    title = "{The photodissociation and chemistry of interstellar CO}",
  journal = {\apj},
 keywords = {CARBON MONOXIDE, INTERSTELLAR CHEMISTRY, INTERSTELLAR GAS, PHOTODISSOCIATION, HYDROGEN, ISOTOPE EFFECT, RADIATION DISTRIBUTION, ULTRAVIOLET ABSORPTION},
     year = 1988,
    month = nov,
   volume = 334,
    pages = {771-802},
      doi = {10.1086/166877},
   adsurl = {http://adsabs.harvard.edu/abs/1988ApJ...334..771V},
  adsnote = {Provided by the SAO/NASA Astrophysics Data System}
}

@ARTICLE{2013ApJ...764..133H,
   author = {{Harvey}, P.~M. and {Fallscheer}, C. and {Ginsburg}, A. and
	{Terebey}, S. and {Andr{\'e}}, P. and {Bourke}, T.~L. and {Di Francesco}, J. and
	{K{\"o}nyves}, V. and {Matthews}, B.~C. and {Peterson}, D.~E.
	},
    title = "{A First Look at the Auriga-California Giant Molecular Cloud with Herschel and the CSO: Census of the Young Stellar Objects and the Dense Gas}",
  journal = {\apj},
archivePrefix = "arXiv",
   eprint = {1212.6966},
 primaryClass = "astro-ph.GA",
 keywords = {infrared: ISM, ISM: clouds, ISM: structure, stars: formation},
     year = 2013,
    month = feb,
   volume = 764,
      eid = {133},
    pages = {133},
      doi = {10.1088/0004-637X/764/2/133},
   adsurl = {http://adsabs.harvard.edu/abs/2013ApJ...764..133H},
  adsnote = {Provided by the SAO/NASA Astrophysics Data System}
}

@ARTICLE{1981MNRAS.194..809L,
   author = {{Larson}, R.~B.},
    title = "{Turbulence and star formation in molecular clouds}",
  journal = {\mnras},
 keywords = {INTERSTELLAR MATTER, MOLECULAR CLOUDS, PROTOSTARS, STAR FORMATION, TURBULENCE EFFECTS, CLUMPS, DENSITY DISTRIBUTION, STELLAR GRAVITATION, STELLAR MASS, VELOCITY DISTRIBUTION, VIRIAL THEOREM},
     year = 1981,
    month = mar,
   volume = 194,
    pages = {809-826},
   adsurl = {http://adsabs.harvard.edu/abs/1981MNRAS.194..809L},
  adsnote = {Provided by the SAO/NASA Astrophysics Data System}
}

@ARTICLE{2013ApJ...766L..17S,
   author = {{Schneider}, N. and {Andr{\'e}}, P. and {K{\"o}nyves}, V. and
	{Bontemps}, S. and {Motte}, F. and {Federrath}, C. and {Ward-Thompson}, D. and
	{Arzoumanian}, D. and {Benedettini}, M. and {Bressert}, E. and
	{Didelon}, P. and {Di Francesco}, J. and {Griffin}, M. and {Hennemann}, M. and
	{Hill}, T. and {Palmeirim}, P. and {Pezzuto}, S. and {Peretto}, N. and
	{Roy}, A. and {Rygl}, K.~L.~J. and {Spinoglio}, L. and {White}, G.
	},
    title = "{What Determines the Density Structure of Molecular Clouds? A Case Study of Orion B with Herschel}",
  journal = {\apjl},
archivePrefix = "arXiv",
   eprint = {1304.0327},
 primaryClass = "astro-ph.GA",
 keywords = {dust, extinction, ISM: clouds, ISM: structure},
     year = 2013,
    month = apr,
   volume = 766,
      eid = {L17},
    pages = {L17},
      doi = {10.1088/2041-8205/766/2/L17},
   adsurl = {http://adsabs.harvard.edu/abs/2013ApJ...766L..17S},
  adsnote = {Provided by the SAO/NASA Astrophysics Data System}
}
@ARTICLE{2008A&A...487..993K,
   author = {{Kauffmann}, J. and {Bertoldi}, F. and {Bourke}, T.~L. and {Evans}, II, N.~J. and 
  {Lee}, C.~W.},
    title = "{MAMBO mapping of Spitzer c2d small clouds and cores}",
  journal = {\aap},
archivePrefix = "arXiv",
   eprint = {0805.4205},
 keywords = {stars: formation, ISM: evolution, ISM: structure, ISM: dust, extinction, ISM: clouds},
     year = 2008,
    month = sep,
   volume = 487,
    pages = {993-1017},
      doi = {10.1051/0004-6361:200809481},
   adsurl = {http://adsabs.harvard.edu/abs/2008A%26A...487..993K},
  adsnote = {Provided by the SAO/NASA Astrophysics Data System}
}


@ARTICLE{2002A&A...394..275G,
   author = {{Galli}, D. and {Walmsley}, M. and {Gon{\c c}alves}, J.},
    title = "{The structure and stability of molecular cloud cores in external radiation fields}",
  journal = {\aap},
   eprint = {arXiv:astro-ph/0208416},
 keywords = {ISM: clouds, dust, extinction},
     year = 2002,
    month = oct,
   volume = 394,
    pages = {275-284},
      doi = {10.1051/0004-6361:20021125},
   adsurl = {http://adsabs.harvard.edu/abs/2002A%26A...394..275G},
  adsnote = {Provided by the SAO/NASA Astrophysics Data System}
}



@ARTICLE{1998ARA&A..36..317V,
   author = {{van Dishoeck}, E.~F. and {Blake}, G.~A.},
    title = "{Chemical Evolution of Star-Forming Regions}",
  journal = {\araa},
     year = 1998,
   volume = 36,
    pages = {317-368},
      doi = {10.1146/annurev.astro.36.1.317},
   adsurl = {http://adsabs.harvard.edu/abs/1998ARA%26A..36..317V},
  adsnote = {Provided by the SAO/NASA Astrophysics Data System}
}


@ARTICLE{1982ApJ...262..590F,
   author = {{Frerking}, M.~A. and {Langer}, W.~D. and {Wilson}, R.~W.},
    title = "{The relationship between carbon monoxide abundance and visual extinction in interstellar clouds}",
  journal = {\apj},
 keywords = {ABUNDANCE, CARBON MONOXIDE, INTERSTELLAR EXTINCTION, INTERSTELLAR MATTER, MOLECULAR CLOUDS, ASTRONOMICAL CATALOGS, GAS DENSITY, ISOTOPES, MASS},
     year = 1982,
    month = nov,
   volume = 262,
    pages = {590-605},
      doi = {10.1086/160451},
   adsurl = {http://adsabs.harvard.edu/abs/1982ApJ...262..590F},
  adsnote = {Provided by the SAO/NASA Astrophysics Data System}
}

@ARTICLE{1983ApJ...265..223B,
   author = {{Burke}, J.~R. and {Hollenbach}, D.~J.},
    title = "{The gas-grain interaction in the interstellar medium-Thermal accommodation and trapping}",
  journal = {\apj},
 keywords = {ACCOMMODATION COEFFICIENT, ASTRONOMICAL MODELS, GAS-SOLID INTERACTIONS, INTERSTELLAR GAS, INTERSTELLAR MATTER, TRAPPING, COSMIC DUST, GAS TEMPERATURE, INTERSTELLAR CHEMISTRY, MATHEMATICAL MODELS, MOLECULAR CLOUDS, TRAPPED PARTICLES},
     year = 1983,
    month = feb,
   volume = 265,
    pages = {223-234},
      doi = {10.1086/160667},
   adsurl = {http://adsabs.harvard.edu/abs/1983ApJ...265..223B},
  adsnote = {Provided by the SAO/NASA Astrophysics Data System}
}
@ARTICLE{2002A&A...394..275G,
   author = {{Galli}, D. and {Walmsley}, M. and {Gon{\c c}alves}, J.},
    title = "{The structure and stability of molecular cloud cores in external radiation fields}",
  journal = {\aap},
   eprint = {arXiv:astro-ph/0208416},
 keywords = {ISM: clouds, dust, extinction},
     year = 2002,
    month = oct,
   volume = 394,
    pages = {275-284},
      doi = {10.1051/0004-6361:20021125},
   adsurl = {http://adsabs.harvard.edu/abs/2002A%26A...394..275G},
  adsnote = {Provided by the SAO/NASA Astrophysics Data System}
}
@ARTICLE{2002MNRAS.329..257W,
   author = {{Ward-Thompson}, D. and {Andr{\'e}}, P. and {Kirk}, J.~M.},
    title = "{The initial conditions of isolated star formation - V. ISOPHOT imaging and the temperature and energy balance of pre-stellar cores}",
  journal = {\mnras},
   eprint = {arXiv:astro-ph/0109173},
 keywords = {STARS: FORMATION, ISM: DUST, INFRARED: ISM},
     year = 2002,
    month = jan,
   volume = 329,
    pages = {257-276},
      doi = {10.1046/j.1365-8711.2002.04969.x},
   adsurl = {http://adsabs.harvard.edu/abs/2002MNRAS.329..257W},
  adsnote = {Provided by the SAO/NASA Astrophysics Data System}
}
@ARTICLE{2004A&A...420..533T,
   author = {{T{\'o}th}, L.~V. and {Haas}, M. and {Lemke}, D. and {Mattila}, K. and 
  {Onishi}, T.},
    title = "{Very cold cores in the <ASTROBJ>Taurus Molecular Ring</ASTROBJ> as seen by ISO}",
  journal = {\aap},
 keywords = {ISM: clouds, dust, extinction, ISM: individual objects: Taurus clouds, ISM: molecules, ISM: structure, stars: formation},
     year = 2004,
    month = jun,
   volume = 420,
    pages = {533-546},
      doi = {10.1051/0004-6361:20035611},
   adsurl = {http://adsabs.harvard.edu/abs/2004A%26A...420..533T},
  adsnote = {Provided by the SAO/NASA Astrophysics Data System}
}
@ARTICLE{2001ApJ...557..736G,
   author = {{Goldsmith}, P.~F.},
    title = "{Molecular Depletion and Thermal Balance in Dark Cloud Cores}",
  journal = {\apj},
 keywords = {ISM: Clouds, ISM: Globules, ISM: Molecules, Molecular Processes},
     year = 2001,
    month = aug,
   volume = 557,
    pages = {736-746},
      doi = {10.1086/322255},
   adsurl = {http://adsabs.harvard.edu/abs/2001ApJ...557..736G},
  adsnote = {Provided by the SAO/NASA Astrophysics Data System}
}
@ARTICLE{2011A&A...536A...1P,
   author = {{Planck Collaboration} and {Ade}, P.~A.~R. and {Aghanim}, N. and 
  {Arnaud}, M. and {Ashdown}, M. and {Aumont}, J. and {Baccigalupi}, C. and 
  {Baker}, M. and {Balbi}, A. and {Banday}, A.~J. and et al.},
    title = "{Planck early results. I. The Planck mission}",
  journal = {\aap},
archivePrefix = "arXiv",
   eprint = {1101.2022},
 primaryClass = "astro-ph.IM",
 keywords = {cosmology: observations, cosmic background radiation, surveys, space vehicles: instruments, instrumentation: detectors, catalogs},
     year = 2011,
    month = dec,
   volume = 536,
      eid = {A1},
    pages = {A1},
      doi = {10.1051/0004-6361/201116464},
   adsurl = {http://adsabs.harvard.edu/abs/2011A%26A...536A...1P},
  adsnote = {Provided by the SAO/NASA Astrophysics Data System}
}
@ARTICLE{1948HarMo...7...53B,
   author = {{Bok}, B.~J.},
    title = "{Dimensions and Masses of Dark Nebulae}",
  journal = {Harvard Observatory Monographs},
     year = 1948,
   volume = 7,
    pages = {53},
   adsurl = {http://adsabs.harvard.edu/abs/1948HarMo...7...53B},
  adsnote = {Provided by the SAO/NASA Astrophysics Data System}
}
@ARTICLE{2000prpl.conf...97W,
   author = {{Williams}, J.~P. and {Blitz}, L. and {McKee}, C.~F.},
    title = "{The Structure and Evolution of Molecular Clouds: from Clumps to Cores to the IMF}",
  journal = {Protostars and Planets IV},
   eprint = {arXiv:astro-ph/9902246},
     year = 2000,
    month = may,
    pages = {97},
   adsurl = {http://adsabs.harvard.edu/abs/2000prpl.conf...97W},
  adsnote = {Provided by the SAO/NASA Astrophysics Data System}
}

@INPROCEEDINGS{2000ASPC..217..299G,
   author = {{Guilloteau}, S. and {Lucas}, R.},
    title = "{Imaging at the IRAM Plateau de Bure Interferometer}",
booktitle = {Imaging at Radio through Submillimeter Wavelengths},
     year = 2000,
   series = {Astronomical Society of the Pacific Conference Series},
   volume = 217,
   editor = {{Mangum}, J.~G. and {Radford}, S.~J.~E.},
    pages = {299},
   adsurl = {http://adsabs.harvard.edu/abs/2000ASPC..217..299G},
  adsnote = {Provided by the SAO/NASA Astrophysics Data System}
}


@INPROCEEDINGS{1995ASPC...77..433S,
   author = {{Sault}, R.~J. and {Teuben}, P.~J. and {Wright}, M.~C.~H.},
    title = "{A Retrospective View of MIRIAD}",
booktitle = {Astronomical Data Analysis Software and Systems IV},
     year = 1995,
   series = {Astronomical Society of the Pacific Conference Series},
   volume = 77,
   eprint = {arXiv:astro-ph/0612759},
   editor = {{Shaw}, R.~A. and {Payne}, H.~E. and {Hayes}, J.~J.~E.},
    pages = {433},
   adsurl = {http://adsabs.harvard.edu/abs/1995ASPC...77..433S},
  adsnote = {Provided by the SAO/NASA Astrophysics Data System}
}

@INPROCEEDINGS{2007ASPC..377..197W,
   author = {{Wenger}, M. and {Oberto}, A. and {Bonnarel}, F. and {Brouty}, M. and 
  {Bruneau}, C. and {Brunet}, C. and {Cambresy}, L. and {Dubois}, P. and 
  {Eisele}, A. and {Fernique}, P. and {Genova}, F. and {Lalo{\"e}}, S. and 
  {Lesteven}, S. and {Loup}, C. and {Ochsenbein}, F. and {Vannier}, P.~J. and 
  {Vollmer}, B. and {Vonflie}, P. and {Wagner}, M.~J. and {Woelfel}, F. and 
  {Borde}, S. and {Beyneix}, A. and {Chassagnard}, G. and {Jasniewicz}, G. and 
  {Davoust}, E.},
    title = "{The New Version of SIMBAD}",
booktitle = {Library and Information Services in Astronomy V},
     year = 2007,
   series = {Astronomical Society of the Pacific Conference Series},
   volume = 377,
   editor = {{Ricketts}, S. and {Birdie}, C. and {Isaksson}, E.},
    month = oct,
    pages = {197},
   adsurl = {http://adsabs.harvard.edu/abs/2007ASPC..377..197W},
  adsnote = {Provided by the SAO/NASA Astrophysics Data System}
}
